@article{baca2021mrs,
  author = {Baca, Tomas and Petrlik, Matej and Vrba, Matous and Spurny, Vojtech and Penicka, Robert and Hert, Daniel and Saska, Martin},
  issue = {1},
  journal = {{Journal of Intelligent {\&} Robotic Systems}},
  month = {05},
  number = {26},
  pages = {1--28},
  publisher = {Springer},
  title = {{The MRS UAV System: Pushing the Frontiers of Reproducible Research, Real-world Deployment, and Education with Autonomous Unmanned Aerial Vehicles}},
  type = {article},
  volume = {102},
  year = {2021},
}

@inproceedings{baca2016embedded,
  author = {Baca, Tomas and Loianno, Giuseppe and Saska, Martin},
  booktitle = {{IEEE International Conference on Methods and Models in Automation and Robotics (MMAR)}},
  organization = {IEEE},
  pages = {992--997},
  title = {{Embedded Model Predictive Control of Unmanned Micro Aerial Vehicles}},
  type = {inproceedings},
  year = {2016},
}

@article{benallegue2008high,
  author = {Benallegue, Abdelaziz and Mokhtari, Abdellah and Fridman, Leonid},
  journal = {International Journal of Robust and Nonlinear Control: IFAC-Affiliated Journal},
  number = {4-5},
  pages = {427--440},
  publisher = {Wiley Online Library},
  title = {{High-order sliding-mode observer for a quadrotor UAV}},
  type = {article},
  volume = {18},
  year = {2008},
}



@INPROCEEDINGS{Chays2000
,	author	= {Chays, David and J.Weyuker, Elaine}
,	title	= {A Framework for Testing Database Applications}
,	booktitle	= {A Framework for Testing Database Applications}
,	year	= {2000}
,	pages	= {147--157}
}

@article{Arcuri2020Jul,
	author = {Arcuri, Andrea and Galeotti, Juan P.},
	title = {{Handling SQL Databases in Automated System Test Generation}},
	journal = {ACM Trans. Softw. Eng. Methodol.},
	volume = {29},
	number = {4},
	pages = {1--31},
	year = {2020},
	month = jul,
	issn = {1049-331X},
	publisher = {Association for Computing Machinery},
	doi = {10.1145/3391533}
}

@incollection{Chays2000Aug,
	author = {Chays, David and Dan, Saikat and Frankl, Phyllis G. and Vokolos, Filippos I. and Weyuker, Elaine J.},
	title = {{A framework for testing database applications}},
	booktitle = {{ACM SIGSOFT Software Engineering Notes}},
	volume = {25},
	number = {5},
	pages = {147--157},
	year = {2000},
	month = aug,
	issn = {0163-5948},
	publisher = {Association for Computing Machinery},
	address = {New York, NY, USA},
	doi = {10.1145/347324.348954}
}

@incollection{Tang2010Mar,
	author = {Tang, Joe and Lo, Eric},
	title = {{A lightweight framework for testing database applications}},
	booktitle = {{ACM Conferences}},
	pages = {1632--1637},
	year = {2010},
	month = mar,
	publisher = {Association for Computing Machinery},
	address = {New York, NY, USA},
	doi = {10.1145/1774088.1774441}
}

@incollection{Emmi2007Jul,
	author = {Emmi, Michael and Majumdar, Rupak and Sen, Koushik},
	title = {{Dynamic test input generation for database applications}},
	booktitle = {{ACM Conferences}},
	pages = {151--162},
	year = {2007},
	month = jul,
	publisher = {Association for Computing Machinery},
	address = {New York, NY, USA},
	doi = {10.1145/1273463.1273484}
}

@article{Chan1999,
	author = {Chan, Man-yee and Cheung, S.},
	title = {{Testing Database Applications with SQL Semantics}},
	journal = {International Symposium on Cooperative Database Systems for Advanced Applications},
	year = {1999},
	url = {https://www.semanticscholar.org/paper/Testing-Database-Applications-with-SQL-Semantics-Chan-Cheung/d87efc4e12c4f013f8b41f2500a309147cc9206c}
}

@article{Chays2000Sep,
	author = {Chays, David and Dan, Saikat and Frankl, Phyllis G. and Vokolos, Filippos I. and Weber, Elaine J.},
	title = {{A framework for testing database applications}},
	journal = {ACM SIGSOFT Software Engineering Notes},
	volume = {25},
	number = {5},
	pages = {147--157},
	year = {2000},
	month = sep,
	issn = {0163-5948},
	publisher = {Association for Computing Machinery},
	doi = {10.1145/347636.348954}
}

@book{Tziatzios2019,
	author = {Tziatzios, Dimitrios},
	title = {{Model-based Testing for SQL Databases}},
	journal = {DIVA},
	year = {2019}
}

@misc{Eriksson2014,
	author = {Eriksson, O.},
	title = {{A Modular Framework Approach to Regression Testing of SQL}},
	year = {2014},
	date = {2014},
	urldate = {2025-01-01},
	note = {[Online; accessed 1. Jan. 2025]},
	url = {https://www.semanticscholar.org/paper/A-Modular-Framework-Approach-to-Regression-Testing-Eriksson/5f119560d196e5d23cbe529f46ccdfc463f9a29c}
}

@article{Lo2010Jan,
	author = {Lo, Eric and Binnig, Carsten and Kossmann, Donald and {\ifmmode\ddot{O}\else\"{O}\fi}zsu, M. Tamer and Hon, Wing-Kai},
	title = {{A framework for testing DBMS features.}},
	journal = {VLDB Journal},
	volume = {19},
	pages = {203--230},
	year = {2010},
	month = jan,
	date = {2010-01-01},
	urldate = {2025-01-01},
	issn = {1066-8888},
	publisher = {Springer Nature},
	url = {https://www.researchgate.net/publication/220473620_A_framework_for_testing_DBMS_features}
}

@article{Christensen2006Dec,
	author = {Christensen, Claus A. and Gundersborg, Steen and de Linde, Kristian and Torp, Kristian},
	title = {{A Unit-Test Framework for Database Applications}},
	journal = {ResearchGate},
	pages = {11--20},
	year = {2006},
	month = dec,
	date = {2006-12-01},
	urldate = {2025-01-01},
	issn = {1098-8068},
	doi = {10.1109/IDEAS.2006.7}
}

@article{Haftmann2007Jan,
	author = {Haftmann, Florian and Kossmann, Donald and Lo, Eric},
	title = {{A framework for efficient regression tests on database applications}},
	journal = {VLDB Journal},
	volume = {16},
	number = {1},
	pages = {145--164},
	year = {2007},
	month = jan,
	urldate = {2025-01-01},
	issn = {0949-877X},
	publisher = {Springer-Verlag},
	doi = {10.1007/s00778-006-0028-8},
	keywords = {Database Management}
}


@book{Meszaros2007Jan,
	author = {Meszaros, Gerard},
	title = {{xUnit Test Patterns: Refactoring Test Code}},
	year = {2007},
	month = jan,
	urldate = {2025-03-07},
	isbn = {978-0-13149505-0},
	publisher = {Addison-Wesley},
	url = {https://www.amazon.com/xUnit-Test-Patterns-Refactoring-Code/dp/0131495054}
}

@article{Kim2021Jul,
	author = {Kim, Dong Jae and Chen, Tse-Hsun (Peter) and Yang, Jinqiu},
	title = {{The secret life of test smells - an empirical study on test smell evolution and maintenance}},
	journal = {Empir. Software Eng.},
	volume = {26},
	number = {5},
	pages = {100--47},
	year = {2021},
	month = jul,
	urldate = {2025-03-07},
	issn = {1573-7616},
	publisher = {Springer US},
	doi = {10.1007/s10664-021-09969-1},
	keywords = {Software Engineering/Programming and Operating Systems, Programming Languages, Compilers, Interpreters}
}

@book{Gamma1994,
	author = {Gamma, E. and Helm, R. and Johnson, R. and Vlissides, J.},
	title = {{Design Patterns}},
	year = {1994},
	urldate = {2025-03-08},
	isbn = {978-0-32170069-8},
	publisher = {Pearson Education},
	url = {https://books.google.cz/books?id=6oHuKQe3TjQC&printsec=frontcover&hl=cs#v=snippet&q=builder%20pattern&f=false}
}

@book{freeman2009growing,
  title={Growing object-oriented software, guided by tests},
  author={Freeman, Steve and Pryce, Nat},
  year={2009},
  publisher={Pearson Education}
}

@book{Khorikov2020Jan,
	author = {Khorikov, Vladimir},
	title = {{Unit Testing Principles, Practices, and Patterns: Effective testing styles, patterns, and reliable automation for unit testing, mocking, and integration testing with examples in C{\#}}},
	year = {2020},
	month = jan,
	isbn = {978-1-61729627-7},
	publisher = {Manning},
}
@book{Martin2008Aug,
	author = {Martin, Robert C.},
	title = {{Clean Code: A Handbook of Agile Software Craftsmanship}},
	year = {2008},
	month = aug,
	urldate = {2025-03-08},
	isbn = {978-0-13235088-4},
	publisher = {Pearson},
	url = {https://www.amazon.com/Clean-Code-Handbook-Software-Craftsmanship/dp/0132350882}
}

@article{hooda2015software,
  title={Software test process, testing types and techniques},
  author={Hooda, Itti and Chhillar, Rajender Singh},
  journal={International Journal of Computer Applications},
  volume={111},
  number={13},
  year={2015},
  publisher={Citeseer}
}

